@ARTICLE{2015arXiv151207914J,
   author = {{Juri{\'c}}, M. and {Kantor}, J. and {Lim}, K. and others},
    title = "{The LSST Data Management System}",
  journal = {ArXiv e-prints},
archivePrefix = "arXiv",
   volume = {arXiv:1512.07914},
 primaryClass = "astro-ph.IM",
 keywords = {Astrophysics - Instrumentation and Methods for Astrophysics},
     year = 2015,
   adsurl = {http://adsabs.harvard.edu/abs/2015arXiv151207914J},
  adsnote = {Provided by the SAO/NASA Astrophysics Data System}
}

@ARTICLE{2008arXiv0805.2366I,
   author = {{Ivezic}, Z. and others},
    title = "{LSST: from Science Drivers to Reference Design and Anticipated Data Products}",
  journal = {ArXiv e-prints},
archivePrefix = "arXiv",
   volume = {arXiv:0805.2366},
 keywords = {Astrophysics},
     year = 2008,
   adsurl = {http://adsabs.harvard.edu/abs/2008arXiv0805.2366I},
  adsnote = {Provided by the SAO/NASA Astrophysics Data System}
}

@Misc{LSE-319,
  author =       {M. Juri\'c and D. Ciardi and G.P. Dubois-Felsmann},
  title =        "{LSST Science Platform Vision Document}",
  year =         2017,
  howpublished = {LSE-319, LSST \url{https://ls.st/LSE-319}},
}

@ARTICLE{2014arXiv1407.6463E,
       author = {{Economou}, Frossie and {Hoblitt}, Joshua C. and {Norris}, Pat},
        title = "{Your data is your dogfood: DevOps in the astronomical observatory}",
      journal = {ArXiv e-prints},
     keywords = {Astrophysics - Instrumentation and Methods for Astrophysics, Computer
        Science - Software Engineering},
         year = 2014,
        month = Jul,
archivePrefix = {arXiv},
       volume = {arXiv:1407.6463},
       adsurl = {https://ui.adsabs.harvard.edu/#abs/2014arXiv1407.6463E},
      adsnote = {Provided by the SAO/NASA Astrophysics Data System}
}
